@book{book-of-why ,
  title={The book of why: the new science of cause and effect},
  author={Pearl, Judea and Mackenzie, Dana},
  year={2018},
  publisher={Basic books}
}

@misc{bayesuvius,
title="Bayesuvius (book)",
author="Robert R. Tucci",
howpublished="\url{https://github.com/rrtucci/Bayesuvius/raw/master/main.pdf}"
}

@inproceedings{2022opberg,
  title={OpBerg: Discovering causal sentences using optimal alignments},
  author={Wood, Justin and Matiasz, Nicholas and Silva, Alcino and Hsu, William and Abyzov, Alexej and Wang, Wei},
  booktitle={International Conference on Big Data Analytics and Knowledge Discovery},
  pages={17--30},
  year={2022},
  organization={Springer}
}

@misc{yann-religion,
title="Twitter, Absurd statement about causal inference
and religion",
author="Yann LeCun",
howpublished="\url{https://twitter.com/ylecun/status/1577128801620070400}"
}

@misc{yann-text,
title="Twitter,  Absurd statement
about all 
the text ever written",
author="Yann LeCun",
howpublished="\url{https://twitter.com/ylecun/status/1562137291845521408}"
}

@misc{deft1,
title="Causal DAG extraction from a library of books or videos/movies",
author="Robert R. Tucci",
howpublished="\url{https://arxiv.org/abs/2211.00486}"
}


@misc{tic-tac-toe,
title="deft-tic-tac-toe at github",
author="Robert R. Tucci",
howpublished="\url{https://github.com/rrtucci/deft-tic-tac-toe}"
}

@misc{project-gutenberg,
title="Project {G}utenberg website",
howpublished="\url{https://www.gutenberg.org}"
}

@misc{imsdb,
title="Internet {M}ovie {S}cript {D}atabase ({IMSDb})",
howpublished="\url{https://imsdb.com/}"
}

@misc{github-mappa-mundi,
title="Mappa {M}undi at github",
author="Robert R. Tucci",
howpublished="\url{https://github.com/rrtucci/mappa_mundi}"
}

@misc{audio-description,
title="Audio description",
author="Wikipedia",
howpublished="\url{https://en.wikipedia.org/wiki/Audio_description}"
}

@misc{scumpy,
title="{SCuMpy} at github",
author="Robert R. Tucci",
howpublished="\url{https://github.com/rrtucci/scumpy}"
}

@misc{sentence-ax,
title="Sentence{A}x at github",
author="Robert R. Tucci",
howpublished="\url{https://github.com/rrtucci/SentenceAx}"
}

@misc{fitbit-dataset,
title="FitBit Fitness Tracker Data",
author="Kaggle.com",
howpublished="\url{https://www.kaggle.com/datasets/arashnic/fitbit}"
}

@misc{causal-fitbit,
title="Causal{F}itbit at github",
author="Robert R. Tucci",
howpublished="\url{https://github.com/rrtucci/CausalFitbit}"
}

@misc{sbert,
title="{sBERT}",
author="sbert.net",
howpublished="\url{https://www.sbert.net/}"
}

@misc{openie6,
title="{Openie6}",
author="dair-iitd",
howpublished="\url{https://github.com/dair-iitd/openie6}"
}


